@book{basin2011applied,
  title={Applied Information Security: A Hands-on Approach},
  author={Basin, David and Schaller, Patrick and Schl{\"a}pfer, Michael},
  year={2011},
  publisher={Springer}
}